%YAML 1.1
%TAG !u! tag:unity3d.com,2011:
--- !u!1 &220532476323460372
GameObject:
  m_ObjectHideFlags: 0
  m_CorrespondingSourceObject: {fileID: 0}
  m_PrefabInstance: {fileID: 0}
  m_PrefabAsset: {fileID: 0}
  serializedVersion: 6
  m_Component:
  - component: {fileID: 4634199653855470487}
  m_Layer: 0
  m_Name: SideGroup
  m_TagString: Untagged
  m_Icon: {fileID: 0}
  m_NavMeshLayer: 0
  m_StaticEditorFlags: 0
  m_IsActive: 1
--- !u!4 &4634199653855470487
Transform:
  m_ObjectHideFlags: 0
  m_CorrespondingSourceObject: {fileID: 0}
  m_PrefabInstance: {fileID: 0}
  m_PrefabAsset: {fileID: 0}
  m_GameObject: {fileID: 220532476323460372}
  m_LocalRotation: {x: -0, y: -0, z: -0, w: 1}
  m_LocalPosition: {x: 0.0000023842, y: 0, z: 0}
  m_LocalScale: {x: 50, y: 50, z: 50}
  m_Children:
  - {fileID: 6004072898594444588}
  - {fileID: 8667758342713226352}
  - {fileID: 125765318579482754}
  - {fileID: 6078704822376925075}
  - {fileID: 8566934881239759910}
  - {fileID: 6528471501271938975}
  - {fileID: 8256528298484910991}
  - {fileID: 5369316163261351426}
  - {fileID: 2002024312505542847}
  m_Father: {fileID: 5058846044911842561}
  m_RootOrder: 1
  m_LocalEulerAnglesHint: {x: 0, y: 0, z: 0}
--- !u!1 &1249391569991342010
GameObject:
  m_ObjectHideFlags: 0
  m_CorrespondingSourceObject: {fileID: 0}
  m_PrefabInstance: {fileID: 0}
  m_PrefabAsset: {fileID: 0}
  serializedVersion: 6
  m_Component:
  - component: {fileID: 5058846044911842561}
  m_Layer: 0
  m_Name: RoadPart_Var_3
  m_TagString: Untagged
  m_Icon: {fileID: 0}
  m_NavMeshLayer: 0
  m_StaticEditorFlags: 0
  m_IsActive: 1
--- !u!4 &5058846044911842561
Transform:
  m_ObjectHideFlags: 0
  m_CorrespondingSourceObject: {fileID: 0}
  m_PrefabInstance: {fileID: 0}
  m_PrefabAsset: {fileID: 0}
  m_GameObject: {fileID: 1249391569991342010}
  m_LocalRotation: {x: 0, y: 0, z: 0, w: 1}
  m_LocalPosition: {x: 12.577946, y: 17.656982, z: -14.758745}
  m_LocalScale: {x: 1, y: 1, z: 1}
  m_Children:
  - {fileID: 1576058213589239716}
  - {fileID: 4634199653855470487}
  m_Father: {fileID: 0}
  m_RootOrder: 0
  m_LocalEulerAnglesHint: {x: 0, y: 0, z: 0}
--- !u!1 &1321228031836878281
GameObject:
  m_ObjectHideFlags: 0
  m_CorrespondingSourceObject: {fileID: 0}
  m_PrefabInstance: {fileID: 0}
  m_PrefabAsset: {fileID: 0}
  serializedVersion: 6
  m_Component:
  - component: {fileID: 1321228031836878286}
  - component: {fileID: 1321228031836878284}
  - component: {fileID: 1321228031836878287}
  m_Layer: 0
  m_Name: Dirt
  m_TagString: Untagged
  m_Icon: {fileID: 0}
  m_NavMeshLayer: 0
  m_StaticEditorFlags: 0
  m_IsActive: 1
--- !u!4 &1321228031836878286
Transform:
  m_ObjectHideFlags: 0
  m_CorrespondingSourceObject: {fileID: 0}
  m_PrefabInstance: {fileID: 0}
  m_PrefabAsset: {fileID: 0}
  m_GameObject: {fileID: 1321228031836878281}
  m_LocalRotation: {x: -0.0000014332965, y: 0.00000027215265, z: 0.1914679, w: 0.9814989}
  m_LocalPosition: {x: 0.96499985, y: 2.584999, z: -0.15500808}
  m_LocalScale: {x: 0.23388258, y: 0.23388258, z: 0.23388258}
  m_Children: []
  m_Father: {fileID: 1576058212750614607}
  m_RootOrder: 1
  m_LocalEulerAnglesHint: {x: 0, y: 0, z: 22.077002}
--- !u!33 &1321228031836878284
MeshFilter:
  m_ObjectHideFlags: 0
  m_CorrespondingSourceObject: {fileID: 0}
  m_PrefabInstance: {fileID: 0}
  m_PrefabAsset: {fileID: 0}
  m_GameObject: {fileID: 1321228031836878281}
  m_Mesh: {fileID: 10202, guid: 0000000000000000e000000000000000, type: 0}
--- !u!23 &1321228031836878287
MeshRenderer:
  m_ObjectHideFlags: 0
  m_CorrespondingSourceObject: {fileID: 0}
  m_PrefabInstance: {fileID: 0}
  m_PrefabAsset: {fileID: 0}
  m_GameObject: {fileID: 1321228031836878281}
  m_Enabled: 1
  m_CastShadows: 1
  m_ReceiveShadows: 1
  m_DynamicOccludee: 1
  m_MotionVectors: 1
  m_LightProbeUsage: 1
  m_ReflectionProbeUsage: 1
  m_RayTracingMode: 2
  m_RenderingLayerMask: 1
  m_RendererPriority: 0
  m_Materials:
  - {fileID: 2100000, guid: 975fb088f17ccbf4b81370c595f32c06, type: 2}
  m_StaticBatchInfo:
    firstSubMesh: 0
    subMeshCount: 0
  m_StaticBatchRoot: {fileID: 0}
  m_ProbeAnchor: {fileID: 0}
  m_LightProbeVolumeOverride: {fileID: 0}
  m_ScaleInLightmap: 1
  m_ReceiveGI: 1
  m_PreserveUVs: 0
  m_IgnoreNormalsForChartDetection: 0
  m_ImportantGI: 0
  m_StitchLightmapSeams: 1
  m_SelectedEditorRenderState: 3
  m_MinimumChartSize: 4
  m_AutoUVMaxDistance: 0.5
  m_AutoUVMaxAngle: 89
  m_LightmapParameters: {fileID: 0}
  m_SortingLayerID: 0
  m_SortingLayer: 0
  m_SortingOrder: 0
--- !u!1 &1321228031914051087
GameObject:
  m_ObjectHideFlags: 0
  m_CorrespondingSourceObject: {fileID: 0}
  m_PrefabInstance: {fileID: 0}
  m_PrefabAsset: {fileID: 0}
  serializedVersion: 6
  m_Component:
  - component: {fileID: 1321228031914051084}
  - component: {fileID: 1321228031914051074}
  - component: {fileID: 1321228031914051085}
  m_Layer: 0
  m_Name: Dirt
  m_TagString: Untagged
  m_Icon: {fileID: 0}
  m_NavMeshLayer: 0
  m_StaticEditorFlags: 0
  m_IsActive: 1
--- !u!4 &1321228031914051084
Transform:
  m_ObjectHideFlags: 0
  m_CorrespondingSourceObject: {fileID: 0}
  m_PrefabInstance: {fileID: 0}
  m_PrefabAsset: {fileID: 0}
  m_GameObject: {fileID: 1321228031914051087}
  m_LocalRotation: {x: -0.0000014515805, y: -0.00000014829409, z: -0.10920253, w: 0.99401957}
  m_LocalPosition: {x: 0.85, y: 2.0549996, z: -0.15500653}
  m_LocalScale: {x: 0.28849417, y: 0.28849417, z: 0.28849417}
  m_Children: []
  m_Father: {fileID: 1576058212750614607}
  m_RootOrder: 2
  m_LocalEulerAnglesHint: {x: 0, y: 0, z: -12.5390005}
--- !u!33 &1321228031914051074
MeshFilter:
  m_ObjectHideFlags: 0
  m_CorrespondingSourceObject: {fileID: 0}
  m_PrefabInstance: {fileID: 0}
  m_PrefabAsset: {fileID: 0}
  m_GameObject: {fileID: 1321228031914051087}
  m_Mesh: {fileID: 10202, guid: 0000000000000000e000000000000000, type: 0}
--- !u!23 &1321228031914051085
MeshRenderer:
  m_ObjectHideFlags: 0
  m_CorrespondingSourceObject: {fileID: 0}
  m_PrefabInstance: {fileID: 0}
  m_PrefabAsset: {fileID: 0}
  m_GameObject: {fileID: 1321228031914051087}
  m_Enabled: 1
  m_CastShadows: 1
  m_ReceiveShadows: 1
  m_DynamicOccludee: 1
  m_MotionVectors: 1
  m_LightProbeUsage: 1
  m_ReflectionProbeUsage: 1
  m_RayTracingMode: 2
  m_RenderingLayerMask: 1
  m_RendererPriority: 0
  m_Materials:
  - {fileID: 2100000, guid: 975fb088f17ccbf4b81370c595f32c06, type: 2}
  m_StaticBatchInfo:
    firstSubMesh: 0
    subMeshCount: 0
  m_StaticBatchRoot: {fileID: 0}
  m_ProbeAnchor: {fileID: 0}
  m_LightProbeVolumeOverride: {fileID: 0}
  m_ScaleInLightmap: 1
  m_ReceiveGI: 1
  m_PreserveUVs: 0
  m_IgnoreNormalsForChartDetection: 0
  m_ImportantGI: 0
  m_StitchLightmapSeams: 1
  m_SelectedEditorRenderState: 3
  m_MinimumChartSize: 4
  m_AutoUVMaxDistance: 0.5
  m_AutoUVMaxAngle: 89
  m_LightmapParameters: {fileID: 0}
  m_SortingLayerID: 0
  m_SortingLayer: 0
  m_SortingOrder: 0
--- !u!1 &1321228032032598997
GameObject:
  m_ObjectHideFlags: 0
  m_CorrespondingSourceObject: {fileID: 0}
  m_PrefabInstance: {fileID: 0}
  m_PrefabAsset: {fileID: 0}
  serializedVersion: 6
  m_Component:
  - component: {fileID: 1321228032032598570}
  - component: {fileID: 1321228032032598568}
  - component: {fileID: 1321228032032598571}
  m_Layer: 0
  m_Name: Dirt
  m_TagString: Untagged
  m_Icon: {fileID: 0}
  m_NavMeshLayer: 0
  m_StaticEditorFlags: 0
  m_IsActive: 1
--- !u!4 &1321228032032598570
Transform:
  m_ObjectHideFlags: 0
  m_CorrespondingSourceObject: {fileID: 0}
  m_PrefabInstance: {fileID: 0}
  m_PrefabAsset: {fileID: 0}
  m_GameObject: {fileID: 1321228032032598997}
  m_LocalRotation: {x: -0.0000014083541, y: 0.0000002906749, z: 0.17353942, w: 0.984827}
  m_LocalPosition: {x: -1.02, y: -0.32500023, z: -0.15499957}
  m_LocalScale: {x: 0.21947263, y: 0.21947262, z: 0.21947263}
  m_Children: []
  m_Father: {fileID: 1576058212750614607}
  m_RootOrder: 5
  m_LocalEulerAnglesHint: {x: 0, y: 0, z: 19.987001}
--- !u!33 &1321228032032598568
MeshFilter:
  m_ObjectHideFlags: 0
  m_CorrespondingSourceObject: {fileID: 0}
  m_PrefabInstance: {fileID: 0}
  m_PrefabAsset: {fileID: 0}
  m_GameObject: {fileID: 1321228032032598997}
  m_Mesh: {fileID: 10202, guid: 0000000000000000e000000000000000, type: 0}
--- !u!23 &1321228032032598571
MeshRenderer:
  m_ObjectHideFlags: 0
  m_CorrespondingSourceObject: {fileID: 0}
  m_PrefabInstance: {fileID: 0}
  m_PrefabAsset: {fileID: 0}
  m_GameObject: {fileID: 1321228032032598997}
  m_Enabled: 1
  m_CastShadows: 1
  m_ReceiveShadows: 1
  m_DynamicOccludee: 1
  m_MotionVectors: 1
  m_LightProbeUsage: 1
  m_ReflectionProbeUsage: 1
  m_RayTracingMode: 2
  m_RenderingLayerMask: 1
  m_RendererPriority: 0
  m_Materials:
  - {fileID: 2100000, guid: 975fb088f17ccbf4b81370c595f32c06, type: 2}
  m_StaticBatchInfo:
    firstSubMesh: 0
    subMeshCount: 0
  m_StaticBatchRoot: {fileID: 0}
  m_ProbeAnchor: {fileID: 0}
  m_LightProbeVolumeOverride: {fileID: 0}
  m_ScaleInLightmap: 1
  m_ReceiveGI: 1
  m_PreserveUVs: 0
  m_IgnoreNormalsForChartDetection: 0
  m_ImportantGI: 0
  m_StitchLightmapSeams: 1
  m_SelectedEditorRenderState: 3
  m_MinimumChartSize: 4
  m_AutoUVMaxDistance: 0.5
  m_AutoUVMaxAngle: 89
  m_LightmapParameters: {fileID: 0}
  m_SortingLayerID: 0
  m_SortingLayer: 0
  m_SortingOrder: 0
--- !u!1 &1321228032770666072
GameObject:
  m_ObjectHideFlags: 0
  m_CorrespondingSourceObject: {fileID: 0}
  m_PrefabInstance: {fileID: 0}
  m_PrefabAsset: {fileID: 0}
  serializedVersion: 6
  m_Component:
  - component: {fileID: 1321228032770666073}
  - component: {fileID: 1321228032770666079}
  - component: {fileID: 1321228032770666078}
  m_Layer: 0
  m_Name: Dirt
  m_TagString: Untagged
  m_Icon: {fileID: 0}
  m_NavMeshLayer: 0
  m_StaticEditorFlags: 0
  m_IsActive: 1
--- !u!4 &1321228032770666073
Transform:
  m_ObjectHideFlags: 0
  m_CorrespondingSourceObject: {fileID: 0}
  m_PrefabInstance: {fileID: 0}
  m_PrefabAsset: {fileID: 0}
  m_GameObject: {fileID: 1321228032770666072}
  m_LocalRotation: {x: -0.0000014439306, y: -0.00000015852576, z: -0.1493723, w: 0.98878103}
  m_LocalPosition: {x: 0.96499985, y: -2.415, z: -0.15499346}
  m_LocalScale: {x: 0.21947263, y: 0.21947262, z: 0.21947263}
  m_Children: []
  m_Father: {fileID: 1576058212750614607}
  m_RootOrder: 4
  m_LocalEulerAnglesHint: {x: 0, y: 0, z: -17.181002}
--- !u!33 &1321228032770666079
MeshFilter:
  m_ObjectHideFlags: 0
  m_CorrespondingSourceObject: {fileID: 0}
  m_PrefabInstance: {fileID: 0}
  m_PrefabAsset: {fileID: 0}
  m_GameObject: {fileID: 1321228032770666072}
  m_Mesh: {fileID: 10202, guid: 0000000000000000e000000000000000, type: 0}
--- !u!23 &1321228032770666078
MeshRenderer:
  m_ObjectHideFlags: 0
  m_CorrespondingSourceObject: {fileID: 0}
  m_PrefabInstance: {fileID: 0}
  m_PrefabAsset: {fileID: 0}
  m_GameObject: {fileID: 1321228032770666072}
  m_Enabled: 1
  m_CastShadows: 1
  m_ReceiveShadows: 1
  m_DynamicOccludee: 1
  m_MotionVectors: 1
  m_LightProbeUsage: 1
  m_ReflectionProbeUsage: 1
  m_RayTracingMode: 2
  m_RenderingLayerMask: 1
  m_RendererPriority: 0
  m_Materials:
  - {fileID: 2100000, guid: 975fb088f17ccbf4b81370c595f32c06, type: 2}
  m_StaticBatchInfo:
    firstSubMesh: 0
    subMeshCount: 0
  m_StaticBatchRoot: {fileID: 0}
  m_ProbeAnchor: {fileID: 0}
  m_LightProbeVolumeOverride: {fileID: 0}
  m_ScaleInLightmap: 1
  m_ReceiveGI: 1
  m_PreserveUVs: 0
  m_IgnoreNormalsForChartDetection: 0
  m_ImportantGI: 0
  m_StitchLightmapSeams: 1
  m_SelectedEditorRenderState: 3
  m_MinimumChartSize: 4
  m_AutoUVMaxDistance: 0.5
  m_AutoUVMaxAngle: 89
  m_LightmapParameters: {fileID: 0}
  m_SortingLayerID: 0
  m_SortingLayer: 0
  m_SortingOrder: 0
--- !u!1 &1321228032801526810
GameObject:
  m_ObjectHideFlags: 0
  m_CorrespondingSourceObject: {fileID: 0}
  m_PrefabInstance: {fileID: 0}
  m_PrefabAsset: {fileID: 0}
  serializedVersion: 6
  m_Component:
  - component: {fileID: 1321228032801526811}
  - component: {fileID: 1321228032801526814}
  - component: {fileID: 1321228032801526809}
  - component: {fileID: 1321228032801526808}
  m_Layer: 0
  m_Name: Collider
  m_TagString: Untagged
  m_Icon: {fileID: 0}
  m_NavMeshLayer: 0
  m_StaticEditorFlags: 0
  m_IsActive: 1
--- !u!4 &1321228032801526811
Transform:
  m_ObjectHideFlags: 0
  m_CorrespondingSourceObject: {fileID: 0}
  m_PrefabInstance: {fileID: 0}
  m_PrefabAsset: {fileID: 0}
  m_GameObject: {fileID: 1321228032801526810}
  m_LocalRotation: {x: -0, y: -0, z: -0, w: 1}
  m_LocalPosition: {x: 0.0007999992, y: -0.0024, z: 0.0142}
  m_LocalScale: {x: 0.08474607, y: 0.113347866, z: 0.08474607}
  m_Children: []
  m_Father: {fileID: 1576058213589239716}
  m_RootOrder: 1
  m_LocalEulerAnglesHint: {x: 0, y: 0, z: 0}
--- !u!33 &1321228032801526814
MeshFilter:
  m_ObjectHideFlags: 0
  m_CorrespondingSourceObject: {fileID: 0}
  m_PrefabInstance: {fileID: 0}
  m_PrefabAsset: {fileID: 0}
  m_GameObject: {fileID: 1321228032801526810}
  m_Mesh: {fileID: 10208, guid: 0000000000000000e000000000000000, type: 0}
--- !u!23 &1321228032801526809
MeshRenderer:
  m_ObjectHideFlags: 0
  m_CorrespondingSourceObject: {fileID: 0}
  m_PrefabInstance: {fileID: 0}
  m_PrefabAsset: {fileID: 0}
  m_GameObject: {fileID: 1321228032801526810}
  m_Enabled: 0
  m_CastShadows: 1
  m_ReceiveShadows: 1
  m_DynamicOccludee: 1
  m_MotionVectors: 1
  m_LightProbeUsage: 1
  m_ReflectionProbeUsage: 1
  m_RayTracingMode: 2
  m_RenderingLayerMask: 1
  m_RendererPriority: 0
  m_Materials:
  - {fileID: 10303, guid: 0000000000000000f000000000000000, type: 0}
  m_StaticBatchInfo:
    firstSubMesh: 0
    subMeshCount: 0
  m_StaticBatchRoot: {fileID: 0}
  m_ProbeAnchor: {fileID: 0}
  m_LightProbeVolumeOverride: {fileID: 0}
  m_ScaleInLightmap: 1
  m_ReceiveGI: 1
  m_PreserveUVs: 0
  m_IgnoreNormalsForChartDetection: 0
  m_ImportantGI: 0
  m_StitchLightmapSeams: 1
  m_SelectedEditorRenderState: 3
  m_MinimumChartSize: 4
  m_AutoUVMaxDistance: 0.5
  m_AutoUVMaxAngle: 89
  m_LightmapParameters: {fileID: 0}
  m_SortingLayerID: 0
  m_SortingLayer: 0
  m_SortingOrder: 0
--- !u!136 &1321228032801526808
CapsuleCollider:
  m_ObjectHideFlags: 0
  m_CorrespondingSourceObject: {fileID: 0}
  m_PrefabInstance: {fileID: 0}
  m_PrefabAsset: {fileID: 0}
  m_GameObject: {fileID: 1321228032801526810}
  m_Material: {fileID: 0}
  m_IsTrigger: 0
  m_Enabled: 1
  m_Radius: 0.5
  m_Height: 2
  m_Direction: 1
  m_Center: {x: 0, y: 0, z: 0}
--- !u!1 &1321228033179367662
GameObject:
  m_ObjectHideFlags: 0
  m_CorrespondingSourceObject: {fileID: 0}
  m_PrefabInstance: {fileID: 0}
  m_PrefabAsset: {fileID: 0}
  serializedVersion: 6
  m_Component:
  - component: {fileID: 1321228033179367663}
  - component: {fileID: 1321228033179367661}
  - component: {fileID: 1321228033179367660}
  m_Layer: 0
  m_Name: Dirt
  m_TagString: Untagged
  m_Icon: {fileID: 0}
  m_NavMeshLayer: 0
  m_StaticEditorFlags: 0
  m_IsActive: 1
--- !u!4 &1321228033179367663
Transform:
  m_ObjectHideFlags: 0
  m_CorrespondingSourceObject: {fileID: 0}
  m_PrefabInstance: {fileID: 0}
  m_PrefabAsset: {fileID: 0}
  m_GameObject: {fileID: 1321228033179367662}
  m_LocalRotation: {x: -0.0000014332965, y: 0.00000027215265, z: 0.1914679, w: 0.9814989}
  m_LocalPosition: {x: 0.96499985, y: -1.4399998, z: -0.15499637}
  m_LocalScale: {x: 0.28065914, y: 0.28065908, z: 0.2806591}
  m_Children: []
  m_Father: {fileID: 1576058212750614607}
  m_RootOrder: 3
  m_LocalEulerAnglesHint: {x: 0, y: 0, z: 22.077002}
--- !u!33 &1321228033179367661
MeshFilter:
  m_ObjectHideFlags: 0
  m_CorrespondingSourceObject: {fileID: 0}
  m_PrefabInstance: {fileID: 0}
  m_PrefabAsset: {fileID: 0}
  m_GameObject: {fileID: 1321228033179367662}
  m_Mesh: {fileID: 10202, guid: 0000000000000000e000000000000000, type: 0}
--- !u!23 &1321228033179367660
MeshRenderer:
  m_ObjectHideFlags: 0
  m_CorrespondingSourceObject: {fileID: 0}
  m_PrefabInstance: {fileID: 0}
  m_PrefabAsset: {fileID: 0}
  m_GameObject: {fileID: 1321228033179367662}
  m_Enabled: 1
  m_CastShadows: 1
  m_ReceiveShadows: 1
  m_DynamicOccludee: 1
  m_MotionVectors: 1
  m_LightProbeUsage: 1
  m_ReflectionProbeUsage: 1
  m_RayTracingMode: 2
  m_RenderingLayerMask: 1
  m_RendererPriority: 0
  m_Materials:
  - {fileID: 2100000, guid: 975fb088f17ccbf4b81370c595f32c06, type: 2}
  m_StaticBatchInfo:
    firstSubMesh: 0
    subMeshCount: 0
  m_StaticBatchRoot: {fileID: 0}
  m_ProbeAnchor: {fileID: 0}
  m_LightProbeVolumeOverride: {fileID: 0}
  m_ScaleInLightmap: 1
  m_ReceiveGI: 1
  m_PreserveUVs: 0
  m_IgnoreNormalsForChartDetection: 0
  m_ImportantGI: 0
  m_StitchLightmapSeams: 1
  m_SelectedEditorRenderState: 3
  m_MinimumChartSize: 4
  m_AutoUVMaxDistance: 0.5
  m_AutoUVMaxAngle: 89
  m_LightmapParameters: {fileID: 0}
  m_SortingLayerID: 0
  m_SortingLayer: 0
  m_SortingOrder: 0
--- !u!1 &1321228033350312867
GameObject:
  m_ObjectHideFlags: 0
  m_CorrespondingSourceObject: {fileID: 0}
  m_PrefabInstance: {fileID: 0}
  m_PrefabAsset: {fileID: 0}
  serializedVersion: 6
  m_Component:
  - component: {fileID: 1321228033350312864}
  - component: {fileID: 1321228033350312871}
  - component: {fileID: 1321228033350312870}
  - component: {fileID: 1321228033350312865}
  m_Layer: 0
  m_Name: Grass
  m_TagString: Untagged
  m_Icon: {fileID: 0}
  m_NavMeshLayer: 0
  m_StaticEditorFlags: 0
  m_IsActive: 1
--- !u!4 &1321228033350312864
Transform:
  m_ObjectHideFlags: 0
  m_CorrespondingSourceObject: {fileID: 0}
  m_PrefabInstance: {fileID: 0}
  m_PrefabAsset: {fileID: 0}
  m_GameObject: {fileID: 1321228033350312867}
  m_LocalRotation: {x: 0.00000001580122, y: 1, z: -0.0000028014183, w: 0.000002576226}
  m_LocalPosition: {x: 0, y: -0, z: -0.2}
  m_LocalScale: {x: 2.9062, y: 6.5982366, z: 2.9062}
  m_Children: []
  m_Father: {fileID: 1576058212750614607}
  m_RootOrder: 0
  m_LocalEulerAnglesHint: {x: 0, y: 180.00002, z: 0}
--- !u!33 &1321228033350312871
MeshFilter:
  m_ObjectHideFlags: 0
  m_CorrespondingSourceObject: {fileID: 0}
  m_PrefabInstance: {fileID: 0}
  m_PrefabAsset: {fileID: 0}
  m_GameObject: {fileID: 1321228033350312867}
  m_Mesh: {fileID: 10210, guid: 0000000000000000e000000000000000, type: 0}
--- !u!23 &1321228033350312870
MeshRenderer:
  m_ObjectHideFlags: 0
  m_CorrespondingSourceObject: {fileID: 0}
  m_PrefabInstance: {fileID: 0}
  m_PrefabAsset: {fileID: 0}
  m_GameObject: {fileID: 1321228033350312867}
  m_Enabled: 1
  m_CastShadows: 1
  m_ReceiveShadows: 1
  m_DynamicOccludee: 1
  m_MotionVectors: 1
  m_LightProbeUsage: 1
  m_ReflectionProbeUsage: 1
  m_RayTracingMode: 2
  m_RenderingLayerMask: 1
  m_RendererPriority: 0
  m_Materials:
  - {fileID: 2100000, guid: 6012695ed30d2154db8136398f126b1d, type: 2}
  m_StaticBatchInfo:
    firstSubMesh: 0
    subMeshCount: 0
  m_StaticBatchRoot: {fileID: 0}
  m_ProbeAnchor: {fileID: 0}
  m_LightProbeVolumeOverride: {fileID: 0}
  m_ScaleInLightmap: 1
  m_ReceiveGI: 1
  m_PreserveUVs: 0
  m_IgnoreNormalsForChartDetection: 0
  m_ImportantGI: 0
  m_StitchLightmapSeams: 1
  m_SelectedEditorRenderState: 3
  m_MinimumChartSize: 4
  m_AutoUVMaxDistance: 0.5
  m_AutoUVMaxAngle: 89
  m_LightmapParameters: {fileID: 0}
  m_SortingLayerID: 0
  m_SortingLayer: 0
  m_SortingOrder: 0
--- !u!64 &1321228033350312865
MeshCollider:
  m_ObjectHideFlags: 0
  m_CorrespondingSourceObject: {fileID: 0}
  m_PrefabInstance: {fileID: 0}
  m_PrefabAsset: {fileID: 0}
  m_GameObject: {fileID: 1321228033350312867}
  m_Material: {fileID: 0}
  m_IsTrigger: 0
  m_Enabled: 1
  serializedVersion: 4
  m_Convex: 0
  m_CookingOptions: 30
  m_Mesh: {fileID: 10210, guid: 0000000000000000e000000000000000, type: 0}
--- !u!1 &2203553469059971829
GameObject:
  m_ObjectHideFlags: 0
  m_CorrespondingSourceObject: {fileID: 0}
  m_PrefabInstance: {fileID: 0}
  m_PrefabAsset: {fileID: 0}
  serializedVersion: 6
  m_Component:
  - component: {fileID: 1576058212750614607}
  - component: {fileID: 2481645080240812010}
  - component: {fileID: 402056512920984352}
  m_Layer: 0
  m_Name: Island_2
  m_TagString: Untagged
  m_Icon: {fileID: 0}
  m_NavMeshLayer: 0
  m_StaticEditorFlags: 0
  m_IsActive: 1
--- !u!4 &1576058212750614607
Transform:
  m_ObjectHideFlags: 0
  m_CorrespondingSourceObject: {fileID: 0}
  m_PrefabInstance: {fileID: 0}
  m_PrefabAsset: {fileID: 0}
  m_GameObject: {fileID: 2203553469059971829}
  m_LocalRotation: {x: 0.0000014603138, y: -0, z: -0, w: 1}
  m_LocalPosition: {x: 0.0013999987, y: -0.0013999962, z: 0.018600008}
  m_LocalScale: {x: 0.02, y: 0.020000001, z: 0.020000001}
  m_Children:
  - {fileID: 1321228033350312864}
  - {fileID: 1321228031836878286}
  - {fileID: 1321228031914051084}
  - {fileID: 1321228033179367663}
  - {fileID: 1321228032770666073}
  - {fileID: 1321228032032598570}
  - {fileID: 1576058214164286582}
  - {fileID: 1576058213909682082}
  - {fileID: 1576058212517984898}
  m_Father: {fileID: 1576058213589239716}
  m_RootOrder: 0
  m_LocalEulerAnglesHint: {x: -90.00001, y: 0, z: 0}
--- !u!33 &2481645080240812010
MeshFilter:
  m_ObjectHideFlags: 0
  m_CorrespondingSourceObject: {fileID: 0}
  m_PrefabInstance: {fileID: 0}
  m_PrefabAsset: {fileID: 0}
  m_GameObject: {fileID: 2203553469059971829}
  m_Mesh: {fileID: 8691780276856062721, guid: 32ceef621fc9b584f93985f966e95e00, type: 3}
--- !u!23 &402056512920984352
MeshRenderer:
  m_ObjectHideFlags: 0
  m_CorrespondingSourceObject: {fileID: 0}
  m_PrefabInstance: {fileID: 0}
  m_PrefabAsset: {fileID: 0}
  m_GameObject: {fileID: 2203553469059971829}
  m_Enabled: 1
  m_CastShadows: 1
  m_ReceiveShadows: 1
  m_DynamicOccludee: 1
  m_MotionVectors: 1
  m_LightProbeUsage: 1
  m_ReflectionProbeUsage: 1
  m_RayTracingMode: 2
  m_RenderingLayerMask: 1
  m_RendererPriority: 0
  m_Materials:
  - {fileID: 2100000, guid: 5113d0e66e6cf13479c967630301ab74, type: 2}
  m_StaticBatchInfo:
    firstSubMesh: 0
    subMeshCount: 0
  m_StaticBatchRoot: {fileID: 0}
  m_ProbeAnchor: {fileID: 0}
  m_LightProbeVolumeOverride: {fileID: 0}
  m_ScaleInLightmap: 1
  m_ReceiveGI: 1
  m_PreserveUVs: 0
  m_IgnoreNormalsForChartDetection: 0
  m_ImportantGI: 0
  m_StitchLightmapSeams: 1
  m_SelectedEditorRenderState: 3
  m_MinimumChartSize: 4
  m_AutoUVMaxDistance: 0.5
  m_AutoUVMaxAngle: 89
  m_LightmapParameters: {fileID: 0}
  m_SortingLayerID: 0
  m_SortingLayer: 0
  m_SortingOrder: 0
--- !u!1 &2203553470368357662
GameObject:
  m_ObjectHideFlags: 0
  m_CorrespondingSourceObject: {fileID: 0}
  m_PrefabInstance: {fileID: 0}
  m_PrefabAsset: {fileID: 0}
  serializedVersion: 6
  m_Component:
  - component: {fileID: 1576058213589239716}
  - component: {fileID: 2481645078865364993}
  - component: {fileID: 402056513760083147}
  - component: {fileID: 2203553470368357663}
  m_Layer: 0
  m_Name: RoadPart_Var_3
  m_TagString: Untagged
  m_Icon: {fileID: 0}
  m_NavMeshLayer: 0
  m_StaticEditorFlags: 0
  m_IsActive: 1
--- !u!4 &1576058213589239716
Transform:
  m_ObjectHideFlags: 0
  m_CorrespondingSourceObject: {fileID: 0}
  m_PrefabInstance: {fileID: 0}
  m_PrefabAsset: {fileID: 0}
  m_GameObject: {fileID: 2203553470368357662}
  m_LocalRotation: {x: -0.7071068, y: -0, z: -0, w: 0.7071067}
  m_LocalPosition: {x: 0, y: 0, z: 0}
  m_LocalScale: {x: 50, y: 50, z: 50}
  m_Children:
  - {fileID: 1576058212750614607}
  - {fileID: 1321228032801526811}
  m_Father: {fileID: 5058846044911842561}
  m_RootOrder: 0
  m_LocalEulerAnglesHint: {x: 0, y: 0, z: 0}
--- !u!33 &2481645078865364993
MeshFilter:
  m_ObjectHideFlags: 0
  m_CorrespondingSourceObject: {fileID: 0}
  m_PrefabInstance: {fileID: 0}
  m_PrefabAsset: {fileID: 0}
  m_GameObject: {fileID: 2203553470368357662}
  m_Mesh: {fileID: -1981524158461803604, guid: 97d748e5e8bb08944827dffff01d1457, type: 3}
--- !u!23 &402056513760083147
MeshRenderer:
  m_ObjectHideFlags: 0
  m_CorrespondingSourceObject: {fileID: 0}
  m_PrefabInstance: {fileID: 0}
  m_PrefabAsset: {fileID: 0}
  m_GameObject: {fileID: 2203553470368357662}
  m_Enabled: 1
  m_CastShadows: 1
  m_ReceiveShadows: 1
  m_DynamicOccludee: 1
  m_MotionVectors: 1
  m_LightProbeUsage: 1
  m_ReflectionProbeUsage: 1
  m_RayTracingMode: 2
  m_RenderingLayerMask: 1
  m_RendererPriority: 0
  m_Materials:
  - {fileID: 2100000, guid: d28156d0c8cf8af4fb58677c28259cde, type: 2}
  m_StaticBatchInfo:
    firstSubMesh: 0
    subMeshCount: 0
  m_StaticBatchRoot: {fileID: 0}
  m_ProbeAnchor: {fileID: 0}
  m_LightProbeVolumeOverride: {fileID: 0}
  m_ScaleInLightmap: 1
  m_ReceiveGI: 1
  m_PreserveUVs: 0
  m_IgnoreNormalsForChartDetection: 0
  m_ImportantGI: 0
  m_StitchLightmapSeams: 1
  m_SelectedEditorRenderState: 3
  m_MinimumChartSize: 4
  m_AutoUVMaxDistance: 0.5
  m_AutoUVMaxAngle: 89
  m_LightmapParameters: {fileID: 0}
  m_SortingLayerID: 0
  m_SortingLayer: 0
  m_SortingOrder: 0
--- !u!65 &2203553470368357663
BoxCollider:
  m_ObjectHideFlags: 0
  m_CorrespondingSourceObject: {fileID: 0}
  m_PrefabInstance: {fileID: 0}
  m_PrefabAsset: {fileID: 0}
  m_GameObject: {fileID: 2203553470368357662}
  m_Material: {fileID: 0}
  m_IsTrigger: 0
  m_Enabled: 1
  serializedVersion: 2
  m_Size: {x: 0.29999998, y: 0.29999992, z: 0.019999996}
  m_Center: {x: 0, y: 0, z: 0}
--- !u!64 &6203865997709994842
MeshCollider:
  m_ObjectHideFlags: 0
  m_CorrespondingSourceObject: {fileID: 0}
  m_PrefabInstance: {fileID: 0}
  m_PrefabAsset: {fileID: 0}
  m_GameObject: {fileID: 6348123640075505558}
  m_Material: {fileID: 0}
  m_IsTrigger: 0
  m_Enabled: 1
  serializedVersion: 4
  m_Convex: 1
  m_CookingOptions: 30
  m_Mesh: {fileID: -7787886665183459333, guid: 193303377a6ac2f44be275a4f5c04ce6, type: 3}
--- !u!64 &3453230497243300274
MeshCollider:
  m_ObjectHideFlags: 0
  m_CorrespondingSourceObject: {fileID: 0}
  m_PrefabInstance: {fileID: 0}
  m_PrefabAsset: {fileID: 0}
  m_GameObject: {fileID: 8287116880777965258}
  m_Material: {fileID: 0}
  m_IsTrigger: 0
  m_Enabled: 1
  serializedVersion: 4
  m_Convex: 1
  m_CookingOptions: 30
  m_Mesh: {fileID: -7787886665183459333, guid: 193303377a6ac2f44be275a4f5c04ce6, type: 3}
--- !u!1001 &447113763846559593
PrefabInstance:
  m_ObjectHideFlags: 0
  serializedVersion: 2
  m_Modification:
    m_TransformParent: {fileID: 4634199653855470487}
    m_Modifications:
    - target: {fileID: -8679921383154817045, guid: 1992d01e3913c2b428733af34296c653,
        type: 3}
      propertyPath: m_LocalPosition.x
      value: -0.3227
      objectReference: {fileID: 0}
    - target: {fileID: -8679921383154817045, guid: 1992d01e3913c2b428733af34296c653,
        type: 3}
      propertyPath: m_LocalPosition.y
      value: 0.0429
      objectReference: {fileID: 0}
    - target: {fileID: -8679921383154817045, guid: 1992d01e3913c2b428733af34296c653,
        type: 3}
      propertyPath: m_LocalPosition.z
      value: -0.057
      objectReference: {fileID: 0}
    - target: {fileID: -8679921383154817045, guid: 1992d01e3913c2b428733af34296c653,
        type: 3}
      propertyPath: m_LocalRotation.x
      value: -0.70553595
      objectReference: {fileID: 0}
    - target: {fileID: -8679921383154817045, guid: 1992d01e3913c2b428733af34296c653,
        type: 3}
      propertyPath: m_LocalRotation.y
      value: 0.047106653
      objectReference: {fileID: 0}
    - target: {fileID: -8679921383154817045, guid: 1992d01e3913c2b428733af34296c653,
        type: 3}
      propertyPath: m_LocalRotation.z
      value: -0.04710665
      objectReference: {fileID: 0}
    - target: {fileID: -8679921383154817045, guid: 1992d01e3913c2b428733af34296c653,
        type: 3}
      propertyPath: m_LocalRotation.w
      value: 0.705536
      objectReference: {fileID: 0}
    - target: {fileID: -8679921383154817045, guid: 1992d01e3913c2b428733af34296c653,
        type: 3}
      propertyPath: m_RootOrder
      value: 2
      objectReference: {fileID: 0}
    - target: {fileID: -8679921383154817045, guid: 1992d01e3913c2b428733af34296c653,
        type: 3}
      propertyPath: m_LocalEulerAnglesHint.x
      value: -82.36
      objectReference: {fileID: 0}
    - target: {fileID: -8679921383154817045, guid: 1992d01e3913c2b428733af34296c653,
        type: 3}
      propertyPath: m_LocalEulerAnglesHint.y
      value: 90.00001
      objectReference: {fileID: 0}
    - target: {fileID: -8679921383154817045, guid: 1992d01e3913c2b428733af34296c653,
        type: 3}
      propertyPath: m_LocalEulerAnglesHint.z
      value: -90.00001
      objectReference: {fileID: 0}
    - target: {fileID: -8679921383154817045, guid: 1992d01e3913c2b428733af34296c653,
        type: 3}
      propertyPath: m_LocalScale.x
      value: 0.8413
      objectReference: {fileID: 0}
    - target: {fileID: -8679921383154817045, guid: 1992d01e3913c2b428733af34296c653,
        type: 3}
      propertyPath: m_LocalScale.y
      value: 0.8413
      objectReference: {fileID: 0}
    - target: {fileID: -8679921383154817045, guid: 1992d01e3913c2b428733af34296c653,
        type: 3}
      propertyPath: m_LocalScale.z
      value: 0.8413
      objectReference: {fileID: 0}
    - target: {fileID: -7511558181221131132, guid: 1992d01e3913c2b428733af34296c653,
        type: 3}
      propertyPath: m_Materials.Array.data[0]
      value: 
      objectReference: {fileID: 2100000, guid: 193d0bf57f0393843858624e484d36b4, type: 2}
    - target: {fileID: 919132149155446097, guid: 1992d01e3913c2b428733af34296c653,
        type: 3}
      propertyPath: m_Name
      value: Round
      objectReference: {fileID: 0}
    m_RemovedComponents: []
  m_SourcePrefab: {fileID: 100100000, guid: 1992d01e3913c2b428733af34296c653, type: 3}
--- !u!4 &125765318579482754 stripped
Transform:
  m_CorrespondingSourceObject: {fileID: -8679921383154817045, guid: 1992d01e3913c2b428733af34296c653,
    type: 3}
  m_PrefabInstance: {fileID: 447113763846559593}
  m_PrefabAsset: {fileID: 0}
--- !u!1001 &1321228031790164893
PrefabInstance:
  m_ObjectHideFlags: 0
  serializedVersion: 2
  m_Modification:
    m_TransformParent: {fileID: 1576058212750614607}
    m_Modifications:
    - target: {fileID: -8679921383154817045, guid: 4295e772975d5324eb431fb8018518a8,
        type: 3}
      propertyPath: m_LocalPosition.x
      value: -0.38999984
      objectReference: {fileID: 0}
    - target: {fileID: -8679921383154817045, guid: 4295e772975d5324eb431fb8018518a8,
        type: 3}
      propertyPath: m_LocalPosition.y
      value: 2.230001
      objectReference: {fileID: 0}
    - target: {fileID: -8679921383154817045, guid: 4295e772975d5324eb431fb8018518a8,
        type: 3}
      propertyPath: m_LocalPosition.z
      value: 1
      objectReference: {fileID: 0}
    - target: {fileID: -8679921383154817045, guid: 4295e772975d5324eb431fb8018518a8,
        type: 3}
      propertyPath: m_LocalRotation.x
      value: -0.0000012190045
      objectReference: {fileID: 0}
    - target: {fileID: -8679921383154817045, guid: 4295e772975d5324eb431fb8018518a8,
        type: 3}
      propertyPath: m_LocalRotation.y
      value: 0.00000061871606
      objectReference: {fileID: 0}
    - target: {fileID: -8679921383154817045, guid: 4295e772975d5324eb431fb8018518a8,
        type: 3}
      propertyPath: m_LocalRotation.z
      value: 0.44409522
      objectReference: {fileID: 0}
    - target: {fileID: -8679921383154817045, guid: 4295e772975d5324eb431fb8018518a8,
        type: 3}
      propertyPath: m_LocalRotation.w
      value: 0.89597964
      objectReference: {fileID: 0}
    - target: {fileID: -8679921383154817045, guid: 4295e772975d5324eb431fb8018518a8,
        type: 3}
      propertyPath: m_RootOrder
      value: 6
      objectReference: {fileID: 0}
    - target: {fileID: -8679921383154817045, guid: 4295e772975d5324eb431fb8018518a8,
        type: 3}
      propertyPath: m_LocalEulerAnglesHint.x
      value: -90.00001
      objectReference: {fileID: 0}
    - target: {fileID: -8679921383154817045, guid: 4295e772975d5324eb431fb8018518a8,
        type: 3}
      propertyPath: m_LocalEulerAnglesHint.y
      value: 0
      objectReference: {fileID: 0}
    - target: {fileID: -8679921383154817045, guid: 4295e772975d5324eb431fb8018518a8,
        type: 3}
      propertyPath: m_LocalEulerAnglesHint.z
      value: 52.731003
      objectReference: {fileID: 0}
    - target: {fileID: -8679921383154817045, guid: 4295e772975d5324eb431fb8018518a8,
        type: 3}
      propertyPath: m_LocalScale.x
      value: 1
      objectReference: {fileID: 0}
    - target: {fileID: -8679921383154817045, guid: 4295e772975d5324eb431fb8018518a8,
        type: 3}
      propertyPath: m_LocalScale.y
      value: 1
      objectReference: {fileID: 0}
    - target: {fileID: -8679921383154817045, guid: 4295e772975d5324eb431fb8018518a8,
        type: 3}
      propertyPath: m_LocalScale.z
      value: 1
      objectReference: {fileID: 0}
    - target: {fileID: -7511558181221131132, guid: 4295e772975d5324eb431fb8018518a8,
        type: 3}
      propertyPath: m_Materials.Array.data[0]
      value: 
      objectReference: {fileID: 2100000, guid: bc49600d8812c6f498c32e86b08f94e8, type: 2}
    - target: {fileID: 919132149155446097, guid: 4295e772975d5324eb431fb8018518a8,
        type: 3}
      propertyPath: m_Name
      value: Fir
      objectReference: {fileID: 0}
    m_RemovedComponents: []
  m_SourcePrefab: {fileID: 100100000, guid: 4295e772975d5324eb431fb8018518a8, type: 3}
--- !u!4 &1576058214164286582 stripped
Transform:
  m_CorrespondingSourceObject: {fileID: -8679921383154817045, guid: 4295e772975d5324eb431fb8018518a8,
    type: 3}
  m_PrefabInstance: {fileID: 1321228031790164893}
  m_PrefabAsset: {fileID: 0}
--- !u!1001 &1321228032086716489
PrefabInstance:
  m_ObjectHideFlags: 0
  serializedVersion: 2
  m_Modification:
    m_TransformParent: {fileID: 1576058212750614607}
    m_Modifications:
    - target: {fileID: -8679921383154817045, guid: 4295e772975d5324eb431fb8018518a8,
        type: 3}
      propertyPath: m_LocalPosition.x
      value: 0.28400016
      objectReference: {fileID: 0}
    - target: {fileID: -8679921383154817045, guid: 4295e772975d5324eb431fb8018518a8,
        type: 3}
      propertyPath: m_LocalPosition.y
      value: 0.33000344
      objectReference: {fileID: 0}
    - target: {fileID: -8679921383154817045, guid: 4295e772975d5324eb431fb8018518a8,
        type: 3}
      propertyPath: m_LocalPosition.z
      value: 1.2589978
      objectReference: {fileID: 0}
    - target: {fileID: -8679921383154817045, guid: 4295e772975d5324eb431fb8018518a8,
        type: 3}
      propertyPath: m_LocalRotation.x
      value: -0.0000013984403
      objectReference: {fileID: 0}
    - target: {fileID: -8679921383154817045, guid: 4295e772975d5324eb431fb8018518a8,
        type: 3}
      propertyPath: m_LocalRotation.y
      value: 0.00000006647057
      objectReference: {fileID: 0}
    - target: {fileID: -8679921383154817045, guid: 4295e772975d5324eb431fb8018518a8,
        type: 3}
      propertyPath: m_LocalRotation.z
      value: 0.055722084
      objectReference: {fileID: 0}
    - target: {fileID: -8679921383154817045, guid: 4295e772975d5324eb431fb8018518a8,
        type: 3}
      propertyPath: m_LocalRotation.w
      value: 0.99844635
      objectReference: {fileID: 0}
    - target: {fileID: -8679921383154817045, guid: 4295e772975d5324eb431fb8018518a8,
        type: 3}
      propertyPath: m_RootOrder
      value: 7
      objectReference: {fileID: 0}
    - target: {fileID: -8679921383154817045, guid: 4295e772975d5324eb431fb8018518a8,
        type: 3}
      propertyPath: m_LocalEulerAnglesHint.x
      value: -90.00001
      objectReference: {fileID: 0}
    - target: {fileID: -8679921383154817045, guid: 4295e772975d5324eb431fb8018518a8,
        type: 3}
      propertyPath: m_LocalEulerAnglesHint.y
      value: 0
      objectReference: {fileID: 0}
    - target: {fileID: -8679921383154817045, guid: 4295e772975d5324eb431fb8018518a8,
        type: 3}
      propertyPath: m_LocalEulerAnglesHint.z
      value: 6.3890004
      objectReference: {fileID: 0}
    - target: {fileID: -8679921383154817045, guid: 4295e772975d5324eb431fb8018518a8,
        type: 3}
      propertyPath: m_LocalScale.x
      value: 1.1981678
      objectReference: {fileID: 0}
    - target: {fileID: -8679921383154817045, guid: 4295e772975d5324eb431fb8018518a8,
        type: 3}
      propertyPath: m_LocalScale.y
      value: 1.1981682
      objectReference: {fileID: 0}
    - target: {fileID: -8679921383154817045, guid: 4295e772975d5324eb431fb8018518a8,
        type: 3}
      propertyPath: m_LocalScale.z
      value: 1.198168
      objectReference: {fileID: 0}
    - target: {fileID: -7511558181221131132, guid: 4295e772975d5324eb431fb8018518a8,
        type: 3}
      propertyPath: m_Materials.Array.data[0]
      value: 
      objectReference: {fileID: 2100000, guid: bc49600d8812c6f498c32e86b08f94e8, type: 2}
    - target: {fileID: 919132149155446097, guid: 4295e772975d5324eb431fb8018518a8,
        type: 3}
      propertyPath: m_Name
      value: Fir
      objectReference: {fileID: 0}
    m_RemovedComponents: []
  m_SourcePrefab: {fileID: 100100000, guid: 4295e772975d5324eb431fb8018518a8, type: 3}
--- !u!4 &1576058213909682082 stripped
Transform:
  m_CorrespondingSourceObject: {fileID: -8679921383154817045, guid: 4295e772975d5324eb431fb8018518a8,
    type: 3}
  m_PrefabInstance: {fileID: 1321228032086716489}
  m_PrefabAsset: {fileID: 0}
--- !u!1001 &1321228033444928873
PrefabInstance:
  m_ObjectHideFlags: 0
  serializedVersion: 2
  m_Modification:
    m_TransformParent: {fileID: 1576058212750614607}
    m_Modifications:
    - target: {fileID: -8679921383154817045, guid: 4295e772975d5324eb431fb8018518a8,
        type: 3}
      propertyPath: m_LocalPosition.x
      value: -0.41999984
      objectReference: {fileID: 0}
    - target: {fileID: -8679921383154817045, guid: 4295e772975d5324eb431fb8018518a8,
        type: 3}
      propertyPath: m_LocalPosition.y
      value: -1.6399971
      objectReference: {fileID: 0}
    - target: {fileID: -8679921383154817045, guid: 4295e772975d5324eb431fb8018518a8,
        type: 3}
      propertyPath: m_LocalPosition.z
      value: 1
      objectReference: {fileID: 0}
    - target: {fileID: -8679921383154817045, guid: 4295e772975d5324eb431fb8018518a8,
        type: 3}
      propertyPath: m_LocalRotation.x
      value: -0.0000010755969
      objectReference: {fileID: 0}
    - target: {fileID: -8679921383154817045, guid: 4295e772975d5324eb431fb8018518a8,
        type: 3}
      propertyPath: m_LocalRotation.y
      value: 0.0000008208967
      objectReference: {fileID: 0}
    - target: {fileID: -8679921383154817045, guid: 4295e772975d5324eb431fb8018518a8,
        type: 3}
      propertyPath: m_LocalRotation.z
      value: 0.6029535
      objectReference: {fileID: 0}
    - target: {fileID: -8679921383154817045, guid: 4295e772975d5324eb431fb8018518a8,
        type: 3}
      propertyPath: m_LocalRotation.w
      value: 0.79777634
      objectReference: {fileID: 0}
    - target: {fileID: -8679921383154817045, guid: 4295e772975d5324eb431fb8018518a8,
        type: 3}
      propertyPath: m_RootOrder
      value: 8
      objectReference: {fileID: 0}
    - target: {fileID: -8679921383154817045, guid: 4295e772975d5324eb431fb8018518a8,
        type: 3}
      propertyPath: m_LocalEulerAnglesHint.x
      value: -90.00001
      objectReference: {fileID: 0}
    - target: {fileID: -8679921383154817045, guid: 4295e772975d5324eb431fb8018518a8,
        type: 3}
      propertyPath: m_LocalEulerAnglesHint.y
      value: 0
      objectReference: {fileID: 0}
    - target: {fileID: -8679921383154817045, guid: 4295e772975d5324eb431fb8018518a8,
        type: 3}
      propertyPath: m_LocalEulerAnglesHint.z
      value: 74.163
      objectReference: {fileID: 0}
    - target: {fileID: -8679921383154817045, guid: 4295e772975d5324eb431fb8018518a8,
        type: 3}
      propertyPath: m_LocalScale.x
      value: 1
      objectReference: {fileID: 0}
    - target: {fileID: -8679921383154817045, guid: 4295e772975d5324eb431fb8018518a8,
        type: 3}
      propertyPath: m_LocalScale.y
      value: 1
      objectReference: {fileID: 0}
    - target: {fileID: -8679921383154817045, guid: 4295e772975d5324eb431fb8018518a8,
        type: 3}
      propertyPath: m_LocalScale.z
      value: 1
      objectReference: {fileID: 0}
    - target: {fileID: -7511558181221131132, guid: 4295e772975d5324eb431fb8018518a8,
        type: 3}
      propertyPath: m_Materials.Array.data[0]
      value: 
      objectReference: {fileID: 2100000, guid: bc49600d8812c6f498c32e86b08f94e8, type: 2}
    - target: {fileID: 919132149155446097, guid: 4295e772975d5324eb431fb8018518a8,
        type: 3}
      propertyPath: m_Name
      value: Fir
      objectReference: {fileID: 0}
    m_RemovedComponents: []
  m_SourcePrefab: {fileID: 100100000, guid: 4295e772975d5324eb431fb8018518a8, type: 3}
--- !u!4 &1576058212517984898 stripped
Transform:
  m_CorrespondingSourceObject: {fileID: -8679921383154817045, guid: 4295e772975d5324eb431fb8018518a8,
    type: 3}
  m_PrefabInstance: {fileID: 1321228033444928873}
  m_PrefabAsset: {fileID: 0}
--- !u!1001 &1332336209804494192
PrefabInstance:
  m_ObjectHideFlags: 0
  serializedVersion: 2
  m_Modification:
    m_TransformParent: {fileID: 4634199653855470487}
    m_Modifications:
    - target: {fileID: 6982967593354055423, guid: 7d32d6aa703f1df499362947cbd44f26,
        type: 3}
      propertyPath: m_LocalPosition.x
      value: -0.2207
      objectReference: {fileID: 0}
    - target: {fileID: 6982967593354055423, guid: 7d32d6aa703f1df499362947cbd44f26,
        type: 3}
      propertyPath: m_LocalPosition.y
      value: 0.0389
      objectReference: {fileID: 0}
    - target: {fileID: 6982967593354055423, guid: 7d32d6aa703f1df499362947cbd44f26,
        type: 3}
      propertyPath: m_LocalPosition.z
      value: -0.09
      objectReference: {fileID: 0}
    - target: {fileID: 6982967593354055423, guid: 7d32d6aa703f1df499362947cbd44f26,
        type: 3}
      propertyPath: m_LocalRotation.x
      value: -0.63228637
      objectReference: {fileID: 0}
    - target: {fileID: 6982967593354055423, guid: 7d32d6aa703f1df499362947cbd44f26,
        type: 3}
      propertyPath: m_LocalRotation.y
      value: 0.22526103
      objectReference: {fileID: 0}
    - target: {fileID: 6982967593354055423, guid: 7d32d6aa703f1df499362947cbd44f26,
        type: 3}
      propertyPath: m_LocalRotation.z
      value: 0.106355354
      objectReference: {fileID: 0}
    - target: {fileID: 6982967593354055423, guid: 7d32d6aa703f1df499362947cbd44f26,
        type: 3}
      propertyPath: m_LocalRotation.w
      value: 0.7335939
      objectReference: {fileID: 0}
    - target: {fileID: 6982967593354055423, guid: 7d32d6aa703f1df499362947cbd44f26,
        type: 3}
      propertyPath: m_RootOrder
      value: 6
      objectReference: {fileID: 0}
    - target: {fileID: 6982967593354055423, guid: 7d32d6aa703f1df499362947cbd44f26,
        type: 3}
      propertyPath: m_LocalEulerAnglesHint.x
      value: -77.317
      objectReference: {fileID: 0}
    - target: {fileID: 6982967593354055423, guid: 7d32d6aa703f1df499362947cbd44f26,
        type: 3}
      propertyPath: m_LocalEulerAnglesHint.y
      value: 63.216003
      objectReference: {fileID: 0}
    - target: {fileID: 6982967593354055423, guid: 7d32d6aa703f1df499362947cbd44f26,
        type: 3}
      propertyPath: m_LocalEulerAnglesHint.z
      value: -35.922
      objectReference: {fileID: 0}
    - target: {fileID: 6982967593354055423, guid: 7d32d6aa703f1df499362947cbd44f26,
        type: 3}
      propertyPath: m_LocalScale.x
      value: 0.0206981
      objectReference: {fileID: 0}
    - target: {fileID: 6982967593354055423, guid: 7d32d6aa703f1df499362947cbd44f26,
        type: 3}
      propertyPath: m_LocalScale.y
      value: 0.020698098
      objectReference: {fileID: 0}
    - target: {fileID: 6982967593354055423, guid: 7d32d6aa703f1df499362947cbd44f26,
        type: 3}
      propertyPath: m_LocalScale.z
      value: 0.0206981
      objectReference: {fileID: 0}
    - target: {fileID: 7756232837012821061, guid: 7d32d6aa703f1df499362947cbd44f26,
        type: 3}
      propertyPath: m_Name
      value: Fir (2)
      objectReference: {fileID: 0}
    - target: {fileID: 8116419859072497040, guid: 7d32d6aa703f1df499362947cbd44f26,
        type: 3}
      propertyPath: m_Materials.Array.data[0]
      value: 
      objectReference: {fileID: 2100000, guid: cc27cf979cf9b084391dba6eddb3f511, type: 2}
    m_RemovedComponents: []
  m_SourcePrefab: {fileID: 100100000, guid: 7d32d6aa703f1df499362947cbd44f26, type: 3}
--- !u!4 &8256528298484910991 stripped
Transform:
  m_CorrespondingSourceObject: {fileID: 6982967593354055423, guid: 7d32d6aa703f1df499362947cbd44f26,
    type: 3}
  m_PrefabInstance: {fileID: 1332336209804494192}
  m_PrefabAsset: {fileID: 0}
--- !u!1001 &1588541302085792473
PrefabInstance:
  m_ObjectHideFlags: 0
  serializedVersion: 2
  m_Modification:
    m_TransformParent: {fileID: 4634199653855470487}
    m_Modifications:
    - target: {fileID: 6982967593354055423, guid: 7d32d6aa703f1df499362947cbd44f26,
        type: 3}
      propertyPath: m_LocalPosition.x
      value: -0.2956
      objectReference: {fileID: 0}
    - target: {fileID: 6982967593354055423, guid: 7d32d6aa703f1df499362947cbd44f26,
        type: 3}
      propertyPath: m_LocalPosition.y
      value: 0.0689
      objectReference: {fileID: 0}
    - target: {fileID: 6982967593354055423, guid: 7d32d6aa703f1df499362947cbd44f26,
        type: 3}
      propertyPath: m_LocalPosition.z
      value: 0.1151
      objectReference: {fileID: 0}
    - target: {fileID: 6982967593354055423, guid: 7d32d6aa703f1df499362947cbd44f26,
        type: 3}
      propertyPath: m_LocalRotation.x
      value: -0.6838047
      objectReference: {fileID: 0}
    - target: {fileID: 6982967593354055423, guid: 7d32d6aa703f1df499362947cbd44f26,
        type: 3}
      propertyPath: m_LocalRotation.y
      value: 0.08471176
      objectReference: {fileID: 0}
    - target: {fileID: 6982967593354055423, guid: 7d32d6aa703f1df499362947cbd44f26,
        type: 3}
      propertyPath: m_LocalRotation.z
      value: -0.042377856
      objectReference: {fileID: 0}
    - target: {fileID: 6982967593354055423, guid: 7d32d6aa703f1df499362947cbd44f26,
        type: 3}
      propertyPath: m_LocalRotation.w
      value: 0.723491
      objectReference: {fileID: 0}
    - target: {fileID: 6982967593354055423, guid: 7d32d6aa703f1df499362947cbd44f26,
        type: 3}
      propertyPath: m_RootOrder
      value: 4
      objectReference: {fileID: 0}
    - target: {fileID: 6982967593354055423, guid: 7d32d6aa703f1df499362947cbd44f26,
        type: 3}
      propertyPath: m_LocalEulerAnglesHint.x
      value: -79.19601
      objectReference: {fileID: 0}
    - target: {fileID: 6982967593354055423, guid: 7d32d6aa703f1df499362947cbd44f26,
        type: 3}
      propertyPath: m_LocalEulerAnglesHint.y
      value: 74.381004
      objectReference: {fileID: 0}
    - target: {fileID: 6982967593354055423, guid: 7d32d6aa703f1df499362947cbd44f26,
        type: 3}
      propertyPath: m_LocalEulerAnglesHint.z
      value: -70.935005
      objectReference: {fileID: 0}
    - target: {fileID: 7756232837012821061, guid: 7d32d6aa703f1df499362947cbd44f26,
        type: 3}
      propertyPath: m_Name
      value: Fir
      objectReference: {fileID: 0}
    - target: {fileID: 8116419859072497040, guid: 7d32d6aa703f1df499362947cbd44f26,
        type: 3}
      propertyPath: m_Materials.Array.data[0]
      value: 
      objectReference: {fileID: 2100000, guid: cc27cf979cf9b084391dba6eddb3f511, type: 2}
    m_RemovedComponents: []
  m_SourcePrefab: {fileID: 100100000, guid: 7d32d6aa703f1df499362947cbd44f26, type: 3}
--- !u!4 &8566934881239759910 stripped
Transform:
  m_CorrespondingSourceObject: {fileID: 6982967593354055423, guid: 7d32d6aa703f1df499362947cbd44f26,
    type: 3}
  m_PrefabInstance: {fileID: 1588541302085792473}
  m_PrefabAsset: {fileID: 0}
--- !u!1001 &3056774941360392445
PrefabInstance:
  m_ObjectHideFlags: 0
  serializedVersion: 2
  m_Modification:
    m_TransformParent: {fileID: 4634199653855470487}
    m_Modifications:
    - target: {fileID: 6982967593354055423, guid: 7d32d6aa703f1df499362947cbd44f26,
        type: 3}
      propertyPath: m_LocalPosition.x
      value: 0.2847
      objectReference: {fileID: 0}
    - target: {fileID: 6982967593354055423, guid: 7d32d6aa703f1df499362947cbd44f26,
        type: 3}
      propertyPath: m_LocalPosition.y
      value: 0.0591
      objectReference: {fileID: 0}
    - target: {fileID: 6982967593354055423, guid: 7d32d6aa703f1df499362947cbd44f26,
        type: 3}
      propertyPath: m_LocalPosition.z
      value: -0.0872
      objectReference: {fileID: 0}
    - target: {fileID: 6982967593354055423, guid: 7d32d6aa703f1df499362947cbd44f26,
        type: 3}
      propertyPath: m_LocalRotation.x
      value: -0.654564
      objectReference: {fileID: 0}
    - target: {fileID: 6982967593354055423, guid: 7d32d6aa703f1df499362947cbd44f26,
        type: 3}
      propertyPath: m_LocalRotation.y
      value: 0.07314452
      objectReference: {fileID: 0}
    - target: {fileID: 6982967593354055423, guid: 7d32d6aa703f1df499362947cbd44f26,
        type: 3}
      propertyPath: m_LocalRotation.z
      value: 0.22779197
      objectReference: {fileID: 0}
    - target: {fileID: 6982967593354055423, guid: 7d32d6aa703f1df499362947cbd44f26,
        type: 3}
      propertyPath: m_LocalRotation.w
      value: 0.7171518
      objectReference: {fileID: 0}
    - target: {fileID: 6982967593354055423, guid: 7d32d6aa703f1df499362947cbd44f26,
        type: 3}
      propertyPath: m_RootOrder
      value: 7
      objectReference: {fileID: 0}
    - target: {fileID: 6982967593354055423, guid: 7d32d6aa703f1df499362947cbd44f26,
        type: 3}
      propertyPath: m_LocalEulerAnglesHint.x
      value: -76.450005
      objectReference: {fileID: 0}
    - target: {fileID: 6982967593354055423, guid: 7d32d6aa703f1df499362947cbd44f26,
        type: 3}
      propertyPath: m_LocalEulerAnglesHint.y
      value: -55.592003
      objectReference: {fileID: 0}
    - target: {fileID: 6982967593354055423, guid: 7d32d6aa703f1df499362947cbd44f26,
        type: 3}
      propertyPath: m_LocalEulerAnglesHint.z
      value: 80.340004
      objectReference: {fileID: 0}
    - target: {fileID: 6982967593354055423, guid: 7d32d6aa703f1df499362947cbd44f26,
        type: 3}
      propertyPath: m_LocalScale.x
      value: 0.0206981
      objectReference: {fileID: 0}
    - target: {fileID: 6982967593354055423, guid: 7d32d6aa703f1df499362947cbd44f26,
        type: 3}
      propertyPath: m_LocalScale.y
      value: 0.020698098
      objectReference: {fileID: 0}
    - target: {fileID: 6982967593354055423, guid: 7d32d6aa703f1df499362947cbd44f26,
        type: 3}
      propertyPath: m_LocalScale.z
      value: 0.0206981
      objectReference: {fileID: 0}
    - target: {fileID: 7756232837012821061, guid: 7d32d6aa703f1df499362947cbd44f26,
        type: 3}
      propertyPath: m_Name
      value: Fir (3)
      objectReference: {fileID: 0}
    - target: {fileID: 8116419859072497040, guid: 7d32d6aa703f1df499362947cbd44f26,
        type: 3}
      propertyPath: m_Materials.Array.data[0]
      value: 
      objectReference: {fileID: 2100000, guid: cc27cf979cf9b084391dba6eddb3f511, type: 2}
    m_RemovedComponents: []
  m_SourcePrefab: {fileID: 100100000, guid: 7d32d6aa703f1df499362947cbd44f26, type: 3}
--- !u!4 &5369316163261351426 stripped
Transform:
  m_CorrespondingSourceObject: {fileID: 6982967593354055423, guid: 7d32d6aa703f1df499362947cbd44f26,
    type: 3}
  m_PrefabInstance: {fileID: 3056774941360392445}
  m_PrefabAsset: {fileID: 0}
--- !u!1001 &4211347490693052768
PrefabInstance:
  m_ObjectHideFlags: 0
  serializedVersion: 2
  m_Modification:
    m_TransformParent: {fileID: 4634199653855470487}
    m_Modifications:
    - target: {fileID: 6982967593354055423, guid: 7d32d6aa703f1df499362947cbd44f26,
        type: 3}
      propertyPath: m_LocalPosition.x
      value: -0.2046
      objectReference: {fileID: 0}
    - target: {fileID: 6982967593354055423, guid: 7d32d6aa703f1df499362947cbd44f26,
        type: 3}
      propertyPath: m_LocalPosition.y
      value: 0.0378
      objectReference: {fileID: 0}
    - target: {fileID: 6982967593354055423, guid: 7d32d6aa703f1df499362947cbd44f26,
        type: 3}
      propertyPath: m_LocalPosition.z
      value: -0.0004
      objectReference: {fileID: 0}
    - target: {fileID: 6982967593354055423, guid: 7d32d6aa703f1df499362947cbd44f26,
        type: 3}
      propertyPath: m_LocalRotation.x
      value: -0.7140403
      objectReference: {fileID: 0}
    - target: {fileID: 6982967593354055423, guid: 7d32d6aa703f1df499362947cbd44f26,
        type: 3}
      propertyPath: m_LocalRotation.y
      value: 0.1697619
      objectReference: {fileID: 0}
    - target: {fileID: 6982967593354055423, guid: 7d32d6aa703f1df499362947cbd44f26,
        type: 3}
      propertyPath: m_LocalRotation.z
      value: 0.0056674355
      objectReference: {fileID: 0}
    - target: {fileID: 6982967593354055423, guid: 7d32d6aa703f1df499362947cbd44f26,
        type: 3}
      propertyPath: m_LocalRotation.w
      value: 0.6791871
      objectReference: {fileID: 0}
    - target: {fileID: 6982967593354055423, guid: 7d32d6aa703f1df499362947cbd44f26,
        type: 3}
      propertyPath: m_RootOrder
      value: 5
      objectReference: {fileID: 0}
    - target: {fileID: 6982967593354055423, guid: 7d32d6aa703f1df499362947cbd44f26,
        type: 3}
      propertyPath: m_LocalEulerAnglesHint.x
      value: -76.375
      objectReference: {fileID: 0}
    - target: {fileID: 6982967593354055423, guid: 7d32d6aa703f1df499362947cbd44f26,
        type: 3}
      propertyPath: m_LocalEulerAnglesHint.y
      value: 109.16801
      objectReference: {fileID: 0}
    - target: {fileID: 6982967593354055423, guid: 7d32d6aa703f1df499362947cbd44f26,
        type: 3}
      propertyPath: m_LocalEulerAnglesHint.z
      value: -94.815
      objectReference: {fileID: 0}
    - target: {fileID: 6982967593354055423, guid: 7d32d6aa703f1df499362947cbd44f26,
        type: 3}
      propertyPath: m_LocalScale.x
      value: 0.0206981
      objectReference: {fileID: 0}
    - target: {fileID: 6982967593354055423, guid: 7d32d6aa703f1df499362947cbd44f26,
        type: 3}
      propertyPath: m_LocalScale.y
      value: 0.020698098
      objectReference: {fileID: 0}
    - target: {fileID: 6982967593354055423, guid: 7d32d6aa703f1df499362947cbd44f26,
        type: 3}
      propertyPath: m_LocalScale.z
      value: 0.0206981
      objectReference: {fileID: 0}
    - target: {fileID: 7756232837012821061, guid: 7d32d6aa703f1df499362947cbd44f26,
        type: 3}
      propertyPath: m_Name
      value: Fir (1)
      objectReference: {fileID: 0}
    - target: {fileID: 8116419859072497040, guid: 7d32d6aa703f1df499362947cbd44f26,
        type: 3}
      propertyPath: m_Materials.Array.data[0]
      value: 
      objectReference: {fileID: 2100000, guid: cc27cf979cf9b084391dba6eddb3f511, type: 2}
    m_RemovedComponents: []
  m_SourcePrefab: {fileID: 100100000, guid: 7d32d6aa703f1df499362947cbd44f26, type: 3}
--- !u!4 &6528471501271938975 stripped
Transform:
  m_CorrespondingSourceObject: {fileID: 6982967593354055423, guid: 7d32d6aa703f1df499362947cbd44f26,
    type: 3}
  m_PrefabInstance: {fileID: 4211347490693052768}
  m_PrefabAsset: {fileID: 0}
--- !u!1001 &6039710456711897208
PrefabInstance:
  m_ObjectHideFlags: 0
  serializedVersion: 2
  m_Modification:
    m_TransformParent: {fileID: 4634199653855470487}
    m_Modifications:
    - target: {fileID: -8679921383154817045, guid: 1992d01e3913c2b428733af34296c653,
        type: 3}
      propertyPath: m_LocalPosition.x
      value: 0.3171
      objectReference: {fileID: 0}
    - target: {fileID: -8679921383154817045, guid: 1992d01e3913c2b428733af34296c653,
        type: 3}
      propertyPath: m_LocalPosition.y
      value: 0.0402
      objectReference: {fileID: 0}
    - target: {fileID: -8679921383154817045, guid: 1992d01e3913c2b428733af34296c653,
        type: 3}
      propertyPath: m_LocalPosition.z
      value: 0.032999992
      objectReference: {fileID: 0}
    - target: {fileID: -8679921383154817045, guid: 1992d01e3913c2b428733af34296c653,
        type: 3}
      propertyPath: m_LocalRotation.x
      value: -0.7055712
      objectReference: {fileID: 0}
    - target: {fileID: -8679921383154817045, guid: 1992d01e3913c2b428733af34296c653,
        type: 3}
      propertyPath: m_LocalRotation.y
      value: -0.046576034
      objectReference: {fileID: 0}
    - target: {fileID: -8679921383154817045, guid: 1992d01e3913c2b428733af34296c653,
        type: 3}
      propertyPath: m_LocalRotation.z
      value: 0.04657604
      objectReference: {fileID: 0}
    - target: {fileID: -8679921383154817045, guid: 1992d01e3913c2b428733af34296c653,
        type: 3}
      propertyPath: m_LocalRotation.w
      value: 0.7055712
      objectReference: {fileID: 0}
    - target: {fileID: -8679921383154817045, guid: 1992d01e3913c2b428733af34296c653,
        type: 3}
      propertyPath: m_RootOrder
      value: 3
      objectReference: {fileID: 0}
    - target: {fileID: -8679921383154817045, guid: 1992d01e3913c2b428733af34296c653,
        type: 3}
      propertyPath: m_LocalEulerAnglesHint.x
      value: -97.55299
      objectReference: {fileID: 0}
    - target: {fileID: -8679921383154817045, guid: 1992d01e3913c2b428733af34296c653,
        type: 3}
      propertyPath: m_LocalEulerAnglesHint.y
      value: 89.99999
      objectReference: {fileID: 0}
    - target: {fileID: -8679921383154817045, guid: 1992d01e3913c2b428733af34296c653,
        type: 3}
      propertyPath: m_LocalEulerAnglesHint.z
      value: -90
      objectReference: {fileID: 0}
    - target: {fileID: -8679921383154817045, guid: 1992d01e3913c2b428733af34296c653,
        type: 3}
      propertyPath: m_LocalScale.x
      value: 0.6924561
      objectReference: {fileID: 0}
    - target: {fileID: -8679921383154817045, guid: 1992d01e3913c2b428733af34296c653,
        type: 3}
      propertyPath: m_LocalScale.y
      value: 0.69245607
      objectReference: {fileID: 0}
    - target: {fileID: -8679921383154817045, guid: 1992d01e3913c2b428733af34296c653,
        type: 3}
      propertyPath: m_LocalScale.z
      value: 0.6924561
      objectReference: {fileID: 0}
    - target: {fileID: -7511558181221131132, guid: 1992d01e3913c2b428733af34296c653,
        type: 3}
      propertyPath: m_Materials.Array.data[0]
      value: 
      objectReference: {fileID: 2100000, guid: 193d0bf57f0393843858624e484d36b4, type: 2}
    - target: {fileID: 919132149155446097, guid: 1992d01e3913c2b428733af34296c653,
        type: 3}
      propertyPath: m_Name
      value: Round (2)
      objectReference: {fileID: 0}
    m_RemovedComponents: []
  m_SourcePrefab: {fileID: 100100000, guid: 1992d01e3913c2b428733af34296c653, type: 3}
--- !u!4 &6078704822376925075 stripped
Transform:
  m_CorrespondingSourceObject: {fileID: -8679921383154817045, guid: 1992d01e3913c2b428733af34296c653,
    type: 3}
  m_PrefabInstance: {fileID: 6039710456711897208}
  m_PrefabAsset: {fileID: 0}
--- !u!1001 &6332855089851561396
PrefabInstance:
  m_ObjectHideFlags: 0
  serializedVersion: 2
  m_Modification:
    m_TransformParent: {fileID: 4634199653855470487}
    m_Modifications:
    - target: {fileID: 337790155092254872, guid: 03258a43a9661be46995851e0e7fadc3,
        type: 3}
      propertyPath: m_LocalPosition.x
      value: -0.30000004
      objectReference: {fileID: 0}
    - target: {fileID: 337790155092254872, guid: 03258a43a9661be46995851e0e7fadc3,
        type: 3}
      propertyPath: m_LocalPosition.y
      value: 0
      objectReference: {fileID: 0}
    - target: {fileID: 337790155092254872, guid: 03258a43a9661be46995851e0e7fadc3,
        type: 3}
      propertyPath: m_LocalPosition.z
      value: 0
      objectReference: {fileID: 0}
    - target: {fileID: 337790155092254872, guid: 03258a43a9661be46995851e0e7fadc3,
        type: 3}
      propertyPath: m_LocalRotation.x
      value: -0.7071068
      objectReference: {fileID: 0}
    - target: {fileID: 337790155092254872, guid: 03258a43a9661be46995851e0e7fadc3,
        type: 3}
      propertyPath: m_LocalRotation.y
      value: -0
      objectReference: {fileID: 0}
    - target: {fileID: 337790155092254872, guid: 03258a43a9661be46995851e0e7fadc3,
        type: 3}
      propertyPath: m_LocalRotation.z
      value: -0
      objectReference: {fileID: 0}
    - target: {fileID: 337790155092254872, guid: 03258a43a9661be46995851e0e7fadc3,
        type: 3}
      propertyPath: m_LocalRotation.w
      value: 0.7071067
      objectReference: {fileID: 0}
    - target: {fileID: 337790155092254872, guid: 03258a43a9661be46995851e0e7fadc3,
        type: 3}
      propertyPath: m_RootOrder
      value: 0
      objectReference: {fileID: 0}
    - target: {fileID: 337790155092254872, guid: 03258a43a9661be46995851e0e7fadc3,
        type: 3}
      propertyPath: m_LocalEulerAnglesHint.x
      value: 0
      objectReference: {fileID: 0}
    - target: {fileID: 337790155092254872, guid: 03258a43a9661be46995851e0e7fadc3,
        type: 3}
      propertyPath: m_LocalEulerAnglesHint.y
      value: 0
      objectReference: {fileID: 0}
    - target: {fileID: 337790155092254872, guid: 03258a43a9661be46995851e0e7fadc3,
        type: 3}
      propertyPath: m_LocalEulerAnglesHint.z
      value: 0
      objectReference: {fileID: 0}
    - target: {fileID: 337790155092254872, guid: 03258a43a9661be46995851e0e7fadc3,
        type: 3}
      propertyPath: m_LocalScale.x
      value: 1
      objectReference: {fileID: 0}
    - target: {fileID: 337790155092254872, guid: 03258a43a9661be46995851e0e7fadc3,
        type: 3}
      propertyPath: m_LocalScale.y
      value: 1
      objectReference: {fileID: 0}
    - target: {fileID: 337790155092254872, guid: 03258a43a9661be46995851e0e7fadc3,
        type: 3}
      propertyPath: m_LocalScale.z
      value: 1
      objectReference: {fileID: 0}
    - target: {fileID: 1151728498525977122, guid: 03258a43a9661be46995851e0e7fadc3,
        type: 3}
      propertyPath: m_Name
      value: Side
      objectReference: {fileID: 0}
    m_RemovedComponents: []
  m_SourcePrefab: {fileID: 100100000, guid: 03258a43a9661be46995851e0e7fadc3, type: 3}
--- !u!1 &6348123640075505558 stripped
GameObject:
  m_CorrespondingSourceObject: {fileID: 1151728498525977122, guid: 03258a43a9661be46995851e0e7fadc3,
    type: 3}
  m_PrefabInstance: {fileID: 6332855089851561396}
  m_PrefabAsset: {fileID: 0}
--- !u!4 &6004072898594444588 stripped
Transform:
  m_CorrespondingSourceObject: {fileID: 337790155092254872, guid: 03258a43a9661be46995851e0e7fadc3,
    type: 3}
  m_PrefabInstance: {fileID: 6332855089851561396}
  m_PrefabAsset: {fileID: 0}
--- !u!1001 &8872340331433584192
PrefabInstance:
  m_ObjectHideFlags: 0
  serializedVersion: 2
  m_Modification:
    m_TransformParent: {fileID: 4634199653855470487}
    m_Modifications:
    - target: {fileID: 6982967593354055423, guid: 7d32d6aa703f1df499362947cbd44f26,
        type: 3}
      propertyPath: m_LocalPosition.x
      value: 0.228
      objectReference: {fileID: 0}
    - target: {fileID: 6982967593354055423, guid: 7d32d6aa703f1df499362947cbd44f26,
        type: 3}
      propertyPath: m_LocalPosition.y
      value: 0.049
      objectReference: {fileID: 0}
    - target: {fileID: 6982967593354055423, guid: 7d32d6aa703f1df499362947cbd44f26,
        type: 3}
      propertyPath: m_LocalPosition.z
      value: 0.065
      objectReference: {fileID: 0}
    - target: {fileID: 6982967593354055423, guid: 7d32d6aa703f1df499362947cbd44f26,
        type: 3}
      propertyPath: m_LocalRotation.x
      value: -0.7114668
      objectReference: {fileID: 0}
    - target: {fileID: 6982967593354055423, guid: 7d32d6aa703f1df499362947cbd44f26,
        type: 3}
      propertyPath: m_LocalRotation.y
      value: 0.074071825
      objectReference: {fileID: 0}
    - target: {fileID: 6982967593354055423, guid: 7d32d6aa703f1df499362947cbd44f26,
        type: 3}
      propertyPath: m_LocalRotation.z
      value: 0.25320604
      objectReference: {fileID: 0}
    - target: {fileID: 6982967593354055423, guid: 7d32d6aa703f1df499362947cbd44f26,
        type: 3}
      propertyPath: m_LocalRotation.w
      value: 0.6513179
      objectReference: {fileID: 0}
    - target: {fileID: 6982967593354055423, guid: 7d32d6aa703f1df499362947cbd44f26,
        type: 3}
      propertyPath: m_RootOrder
      value: 8
      objectReference: {fileID: 0}
    - target: {fileID: 6982967593354055423, guid: 7d32d6aa703f1df499362947cbd44f26,
        type: 3}
      propertyPath: m_LocalEulerAnglesHint.x
      value: -74.643005
      objectReference: {fileID: 0}
    - target: {fileID: 6982967593354055423, guid: 7d32d6aa703f1df499362947cbd44f26,
        type: 3}
      propertyPath: m_LocalEulerAnglesHint.y
      value: -95.05701
      objectReference: {fileID: 0}
    - target: {fileID: 6982967593354055423, guid: 7d32d6aa703f1df499362947cbd44f26,
        type: 3}
      propertyPath: m_LocalEulerAnglesHint.z
      value: 122.065
      objectReference: {fileID: 0}
    - target: {fileID: 6982967593354055423, guid: 7d32d6aa703f1df499362947cbd44f26,
        type: 3}
      propertyPath: m_LocalScale.x
      value: 0.025239265
      objectReference: {fileID: 0}
    - target: {fileID: 6982967593354055423, guid: 7d32d6aa703f1df499362947cbd44f26,
        type: 3}
      propertyPath: m_LocalScale.y
      value: 0.025239263
      objectReference: {fileID: 0}
    - target: {fileID: 6982967593354055423, guid: 7d32d6aa703f1df499362947cbd44f26,
        type: 3}
      propertyPath: m_LocalScale.z
      value: 0.025239265
      objectReference: {fileID: 0}
    - target: {fileID: 7756232837012821061, guid: 7d32d6aa703f1df499362947cbd44f26,
        type: 3}
      propertyPath: m_Name
      value: Fir (4)
      objectReference: {fileID: 0}
    - target: {fileID: 8116419859072497040, guid: 7d32d6aa703f1df499362947cbd44f26,
        type: 3}
      propertyPath: m_Materials.Array.data[0]
      value: 
      objectReference: {fileID: 2100000, guid: cc27cf979cf9b084391dba6eddb3f511, type: 2}
    m_RemovedComponents: []
  m_SourcePrefab: {fileID: 100100000, guid: 7d32d6aa703f1df499362947cbd44f26, type: 3}
--- !u!4 &2002024312505542847 stripped
Transform:
  m_CorrespondingSourceObject: {fileID: 6982967593354055423, guid: 7d32d6aa703f1df499362947cbd44f26,
    type: 3}
  m_PrefabInstance: {fileID: 8872340331433584192}
  m_PrefabAsset: {fileID: 0}
--- !u!1001 &9005512684480517352
PrefabInstance:
  m_ObjectHideFlags: 0
  serializedVersion: 2
  m_Modification:
    m_TransformParent: {fileID: 4634199653855470487}
    m_Modifications:
    - target: {fileID: 337790155092254872, guid: 03258a43a9661be46995851e0e7fadc3,
        type: 3}
      propertyPath: m_LocalPosition.x
      value: 0.29999998
      objectReference: {fileID: 0}
    - target: {fileID: 337790155092254872, guid: 03258a43a9661be46995851e0e7fadc3,
        type: 3}
      propertyPath: m_LocalPosition.y
      value: 0
      objectReference: {fileID: 0}
    - target: {fileID: 337790155092254872, guid: 03258a43a9661be46995851e0e7fadc3,
        type: 3}
      propertyPath: m_LocalPosition.z
      value: 0
      objectReference: {fileID: 0}
    - target: {fileID: 337790155092254872, guid: 03258a43a9661be46995851e0e7fadc3,
        type: 3}
      propertyPath: m_LocalRotation.x
      value: 0.00000040201533
      objectReference: {fileID: 0}
    - target: {fileID: 337790155092254872, guid: 03258a43a9661be46995851e0e7fadc3,
        type: 3}
      propertyPath: m_LocalRotation.y
      value: 0.7071068
      objectReference: {fileID: 0}
    - target: {fileID: 337790155092254872, guid: 03258a43a9661be46995851e0e7fadc3,
        type: 3}
      propertyPath: m_LocalRotation.z
      value: 0.7071068
      objectReference: {fileID: 0}
    - target: {fileID: 337790155092254872, guid: 03258a43a9661be46995851e0e7fadc3,
        type: 3}
      propertyPath: m_LocalRotation.w
      value: -0.00000041723246
      objectReference: {fileID: 0}
    - target: {fileID: 337790155092254872, guid: 03258a43a9661be46995851e0e7fadc3,
        type: 3}
      propertyPath: m_RootOrder
      value: 1
      objectReference: {fileID: 0}
    - target: {fileID: 337790155092254872, guid: 03258a43a9661be46995851e0e7fadc3,
        type: 3}
      propertyPath: m_LocalEulerAnglesHint.x
      value: -90.00001
      objectReference: {fileID: 0}
    - target: {fileID: 337790155092254872, guid: 03258a43a9661be46995851e0e7fadc3,
        type: 3}
      propertyPath: m_LocalEulerAnglesHint.y
      value: 0
      objectReference: {fileID: 0}
    - target: {fileID: 337790155092254872, guid: 03258a43a9661be46995851e0e7fadc3,
        type: 3}
      propertyPath: m_LocalEulerAnglesHint.z
      value: 179.99998
      objectReference: {fileID: 0}
    - target: {fileID: 337790155092254872, guid: 03258a43a9661be46995851e0e7fadc3,
        type: 3}
      propertyPath: m_LocalScale.x
      value: 1
      objectReference: {fileID: 0}
    - target: {fileID: 337790155092254872, guid: 03258a43a9661be46995851e0e7fadc3,
        type: 3}
      propertyPath: m_LocalScale.y
      value: 1
      objectReference: {fileID: 0}
    - target: {fileID: 337790155092254872, guid: 03258a43a9661be46995851e0e7fadc3,
        type: 3}
      propertyPath: m_LocalScale.z
      value: 1
      objectReference: {fileID: 0}
    - target: {fileID: 1151728498525977122, guid: 03258a43a9661be46995851e0e7fadc3,
        type: 3}
      propertyPath: m_Name
      value: Side (1)
      objectReference: {fileID: 0}
    m_RemovedComponents: []
  m_SourcePrefab: {fileID: 100100000, guid: 03258a43a9661be46995851e0e7fadc3, type: 3}
--- !u!1 &8287116880777965258 stripped
GameObject:
  m_CorrespondingSourceObject: {fileID: 1151728498525977122, guid: 03258a43a9661be46995851e0e7fadc3,
    type: 3}
  m_PrefabInstance: {fileID: 9005512684480517352}
  m_PrefabAsset: {fileID: 0}
--- !u!4 &8667758342713226352 stripped
Transform:
  m_CorrespondingSourceObject: {fileID: 337790155092254872, guid: 03258a43a9661be46995851e0e7fadc3,
    type: 3}
  m_PrefabInstance: {fileID: 9005512684480517352}
  m_PrefabAsset: {fileID: 0}
